@article{Ackerson&Fu,
	author = "Guy A. Ackerson and King-Sun Fu",
	title = "On state estimation in switching environments",
	journal = "IEEE Transactions on Automatic Control",
	volume = "15",
	number = "1",
	pages = "10–17",
	year = "1970"
}
@article{Barber,
author = "David Barber",
title = "Expectation correction for smoothed inference in switching linear dynamical systems",
journal = "Journal of Machine Learning Research",
pages = "7(Nov):2515–
2540",
year = "2006"
}
@inproceedings{linderman2015dependent,
  title={Dependent multinomial models made easy: Stick-breaking with the Polya-gamma augmentation},
  author={Linderman, Scott W and Johnson, Matthew J and Adams, Ryan P},
  booktitle={Advances in Neural Information Processing Systems},
  pages={3438--3446},
  year={2015}
}
